@article{progref,
    author = {Michael F. Cohen and others},
    title = {A Progressive Refinement Approach to Fast Radiosity Image Generation},
    journaltitle = {Computer Graphics},
    year = {1988},
    number = 4,
    volume = 22}

@inproceedings{hemicube,
    author = {Michael F. Cohen and others},
    title = {The Hemi-Cube; A Radiosity Solution For Complex Environments},
    booktitle = {SIGGRAPH '85},
    year = {1985},
    pages = {31--40},
    location = {San Francisco}}
